@article{BordesW16,
  author    = {Antoine Bordes and
               Jason Weston},
  title     = {Learning End-to-End Goal-Oriented Dialog},
  journal   = {CoRR},
  volume    = {abs/1605.07683},
  year      = {2016},
  url       = {http://arxiv.org/abs/1605.07683},
  archivePrefix = {arXiv},
  eprint    = {1605.07683},
  timestamp = {Wed, 07 Jun 2017 14:42:59 +0200},
  biburl    = {https://dblp.org/rec/bib/journals/corr/BordesW16},
  bibsource = {dblp computer science bibliography, https://dblp.org}
}

@article{sdstc,
	 title={The Second Dialog State Tracking Challenge}, 
	 DOI={10.3115/v1/w14-4337}, 
	 journal={Proceedings of the 15th Annual Meeting of the Special Interest Group on Discourse and Dialogue (SIGDIAL)}, 
	 author={Henderson, Matthew and Thomson, Blaise and Williams, Jason D}, 
	 year={2014}}
 
 @article{adversial_learning,
 	author    = {Jiwei Li and
 	Will Monroe and
 	Tianlin Shi and
 	Alan Ritter and
 	Dan Jurafsky},
 	title     = {Adversarial Learning for Neural Dialogue Generation},
 	journal   = {CoRR},
 	volume    = {abs/1701.06547},
 	year      = {2017},
 	url       = {http://arxiv.org/abs/1701.06547},
 	archivePrefix = {arXiv},
 	eprint    = {1701.06547},
 	timestamp = {Wed, 07 Jun 2017 14:40:22 +0200},
 	biburl    = {https://dblp.org/rec/bib/journals/corr/LiMSRJ17},
 	bibsource = {dblp computer science bibliography, https://dblp.org}
 }

@article{li_usersim,
	author    = {Xiujun Li and
	Zachary C. Lipton and
	Bhuwan Dhingra and
	Lihong Li and
	Jianfeng Gao and
	Yun{-}Nung Chen},
	title     = {A User Simulator for Task-Completion Dialogues},
	journal   = {CoRR},
	volume    = {abs/1612.05688},
	year      = {2016},
	url       = {http://arxiv.org/abs/1612.05688},
	archivePrefix = {arXiv},
	eprint    = {1612.05688},
	timestamp = {Mon, 13 Nov 2017 02:31:07 +0100},
	biburl    = {https://dblp.org/rec/bib/journals/corr/LiLDLGC16},
	bibsource = {dblp computer science bibliography, https://dblp.org}
}

@article{li_end_to_end,
	author    = {Xiujun Li and
	Yun{-}Nung Chen and
	Lihong Li and
	Jianfeng Gao},
	title     = {End-to-End Task-Completion Neural Dialogue Systems},
	journal   = {CoRR},
	volume    = {abs/1703.01008},
	year      = {2017},
	url       = {http://arxiv.org/abs/1703.01008},
	archivePrefix = {arXiv},
	eprint    = {1703.01008},
	timestamp = {Mon, 13 Nov 2017 02:31:07 +0100},
	biburl    = {https://dblp.org/rec/bib/journals/corr/LiCLG17},
	bibsource = {dblp computer science bibliography, https://dblp.org}
}

@article{Schatzmann2009TheHA,
	title={The Hidden Agenda User Simulation Model},
	author={Jost Schatzmann and Steve J. Young},
	journal={IEEE Transactions on Audio, Speech, and Language Processing},
	year={2009},
	volume={17},
	pages={733-747}
}

@article{Schatzmann2006ASO,
	title={A survey of statistical user simulation techniques for reinforcement-learning of dialogue management strategies},
	author={Jost Schatzmann and Karl Weilhammer and Matthew N. Stuttle and Steve J. Young},
	journal={Knowledge Eng. Review},
	year={2006},
	volume={21},
	pages={97-126}
}